@inproceedings{Maple,
 author = {Voellmy, Andreas and Wang, Junchang and Yang, Y Richard and Ford, Bryan and Hudak, Paul},
 title = {Maple: Simplifying SDN Programming Using Algorithmic Policies},
 series = {SIGCOMM},
 year = {2013},
 pages = {87--98}
} 
